%% This BibTeX bibliography file was created using BibDesk.
%% http://bibdesk.sourceforge.net/


%% Created for Jeremy Clark at 2014-09-30 16:42:20 -0400


%% Saved with string encoding Unicode (UTF-8)


@article{CRB1999N,
	Author = {Clelland, Catherine and Risca, Viviana and Bancroft, Carter},
	Journal = {Nature},
	Title = {Hiding messages in {DNA} microdots},
	Volume = {399},
    Pages = {533-534},
	Year = {1999}
}

@article{SFHC2003BL,
	Author = {Smith, GC and Fiddles, CC and Hawkins, JP and Cox, JPL},
	Journal = {Biotechnology Letters},
	Title = {Some possible codes for encrypting data in {DNA},
	Volume = {25},
    Pages = {1125-1130},
	Year = {2003}
}

@article{WC1953N,
	Author = {Watson, JD and Crick, FH},
	Journal = {Nature},
	Title = {Molecular structure of nucleic acids: a structure for deoxyribose nucleic acid},
	Volume = {171 (4356)},
    Pages = {737-738},
	Year = {1953}
}

@article{AY2004BP,
	Author = {Arita, M and Yoshiaki, O},
	Journal = {Biotechnology Progress},
	Title = {Secret Signatures Inside Genomic DNA},
	Volume = {20},
    Pages = {1605-1607},
	Year = {2004}
}

@article{HB2007BMCB,
	Author = {Heider, D and Barnekow, A},
	Journal = {BMC Bioinformatics},
	Title = {DNA-based watermarks using the {DNA-Crypt} algorithm},
	Volume = {8:176},
    Pages = {},
	Year = {2007}
}

@article{RRBW2006B,
	Author = {Ratel, D and Ravanat, JL and Berger, F and Wion, D},
	Journal = {Bioessays},
	Title = {N6-methyladenine: the other methylated base of DNA},
	Volume = {28(3)},
    Pages = {309-315},
	Year = {2006}
}

@article{SG2016BRI,
	Author = {DeSilva, PY and Ganegoda, GU},
	Journal = {Biomed Research International},
	Title = {New trends of digital data storage in DNA},
	Year = {2016}
}

@article{HKB2008B,
	Author = {Heider, D and Kessler, D and Barnekow, A},
	Journal = {Bioinformatics},
	Title = {Watermarking sexually reproducing diploid organisms},
	Volume = {24:17},
    Pages = {1961-1962},
	Year = {2008}
}

@article{HB2013BMCB,
	Author = {Haughton, D and Balado, F},
	Journal = {BMC Bioinformatics},
	Title = {BioCode: Two biologically compatible algorithms for embedding data in non-coding and coding regions of {DNA}},
	Volume = {14:121},
    Pages = {},
	Year = {2013}
}

@article{CLY2015SAPW,
	Author = {Chun, JY and Lee, HL and Yoon, JW},
	Journal = {IEEE CS Security and Privacy Workshop},
	Title = {Passing go with {DNA} sequencing: Delivering messages in a covert transgenic channel},
	Volume = {14:121},
    Pages = {},
	Year = {2013}
}

@article{KS2015BMCB,
	Author = {Kracht, D and Schober, S},
	Journal = {BMC Bioinformatics},
	Title = {Insertion and deletion correcting DNA barcodes based watermarks},
	Volume = {16:50},
    Pages = {},
	Year = {2015}
}

@article{B2016JOB,
	Author = {Brunet, TDP},
	Journal = {Journal of Biotechnology},
	Title = {Aims and methods of biosteganography},
	Volume = {226},
    Pages = {56-64},
	Year = {2016}
}

@article{EPC2012N,
	Author = {ENCODE Project Consortium and others},
	Journal = {Nature},
	Title = {An integrated encyclopedia of DNA elements in the human genome},
	Volume = {489(7414)},
    Pages = {57-74},
	Year = {2012}
}

@article{T2008TOIAS,
	Author = {Tanaka, Hidema},
	Journal = {IEICE Transactions on Information and Systems},
	Title = {Evaluation of Information Leakage via Electromagnetic Emanation and Effectiveness of Tempest},
	Volume = {91(5)},
    Pages = {1439-1446},
	Year = {2008}
}

@article{B1997S,
	Author = {Blattner, FR et al},
	Journal = {Science},
	Title = {The complete genome sequence of Escherichia coli K-12},
	Volume = {277:5331},
    Pages = {1453-1462},
	Year = {1997}
}

@article{VCE2001TEJ,
	Author = {Viguera, Enrique and Conceill, D and Ehrlich, SD},
	Journal = {The Embo Journal},
	Title = {Replication slippage involves DNA polymerase pausing and dissociation},
	Volume = {20(10)},
    Pages = {2587-2595},
	Year = {2001}
}

@article{H1952POTIRE,
	Author = {Huffman, D},
	Journal = {Proceedings of the IRE},
	Title = {A Method for the Construction of Minimum-Redundancy Codes},
	Volume = {40(9)},
    Pages = {1098-1101},
	Year = {1952}
}

@article{WWF2003COTACM,
	Author = {Wong, PC and Wong, KK and Foote, H},
	Journal = {Communications of the ACM},
	Title = {Organic data memory using the DNA approach},
	Volume = {46:1},
    Pages = {95-98},
	Year = {2003}
}

@article{A2001IEEEIC,
	Author = {Artz, D},
	Journal = {IEEE Internet Computing},
	Title = {Digital steganography: hiding data within data},
	Volume = {5(3)},
    Pages = {75-80},
	Year = {2001}
}



@article{YSSOT2007BP,
	Author = {Yachie, N and Sekiyama, K and Sugahard, J and Ohashi, Y and Tomita, M},
	Journal = {Biotechnology Progress},
	Title = {Alignment-based approach for durable data storage into living organisms},
	Volume = {23},
    Pages = {501-505},
	Year = {2007}
}

@article{GV2001G,
	Author = {Garesse, R and Vallejo, CG},
	Journal = {Gene},
	Title = {Animal mitochondrial biogenesis and function: a regulatory cross-talk between two genomes},
	Volume = {263},
    Pages = {1-16},
	Year = {2001}
}

@article{KH2015BJOMACS,
	Author = {Khalifa, Amal and Hamad, S},
	Journal = {British Journal of Mathematics and Computer Science},
	Title = {Hiding secret information in DNA sequences using silent mutations},
	Volume = {11(5)},
    Pages = {1-11},
	Year = {2015}
}

@article{AR2009BT,
	Author = {Ailenberg, Menachem and Rotstein, OD},
	Journal = {BioTechniques},
	Title = {An improved Huffman coding method for archiving text, images, and music characters in DNA},
	Volume = {47},
    Pages = {747-754},
	Year = {2009}
}

@inproceedings{CLY2015SAPW,
	Author = {Chun, JY and Lee, HL and Yoon, JW},
	Booktitle = {Security and Privacy Workshops},
	Title = {Passing fo with {DNA} sequencing: Delivering messages in a covert transgenic channel},
	Year = {2015}
}

@book{WBBGLL2008,
	Author = {Watson, JD and Baker, TA and Bell, SP and Gann, A and Levine, M and Losich, R},
	Publisher = {Pearson},
	Title = {Molecular Biology of the Gene, 6th Edition},
	Year = {2008}
}

@article{HBBMC2007,
	Author = {Heider, Dominik, and Barnekow, Angelika},
	Title = {DNA-based watermarks using the DNA-Crypt algorithm},
	Journal = {BMC bioinformatics},
	Volume={8(1)},
	Year={2007}
}

@article{HPB2009BMCRN,
	Author = {Heider, Dominik, and Pyka, Martin and Barnekow, Angelika},
	Title = {DNA watermarks in non-coding regulatory sequences},
	Journal = {BMC Research Notes},
	Volume={2:123},
	Year={2009}
}

@article{LDBKHLW2012PO,
	Author = {Liss, M and Daubert, D and Kliche, K and Hammes, U and Leiherer, A and Wagner, R},
	Title = {Embedding permanent watermarks in synthetic genes},
	Journal = {PLOS One},
	Volume={7:8},
	Year={2012}
}

@article{L2014IS,
	Author = {Lee, SH},
	Title = {DWT based coding DNA watermarking for DNA copyright protection},
	Journal = {Information Sciences},
	Volume={273},
    Pages={263-286},
	Year={2014}
}

@article{HB2011IEEEICOBAB,
	Author = {Haughton, D and Balado, F},
	Title = {Repetition coding as an effective error correction code for information encoded in DNA},
	Journal = {Internation Conference on Bioinformatics and Bioengineering},
	Year={2011}
}


@article{HBBMC2013,
	Author = {Haughton, David, and FÃ©lix Balado},
	Title = {BioCode: Two biologically compatible Algorithms for embedding data in non-coding and coding regions of DNA},
	Journal = {BMC bioinformatics},
	Volume={14(1)},
	Pages={1},
	Year={2013}
}

@article{BVSPNAS2000,
	Author={Brenner, S., Williams, S. R., Vermaas, E. H., Storck, et al.},
	Title={In vitro cloning of complex mixtures of DNA on microbeads: physical separation of differentially expressed cDNAs},
	Journal={Proceedings of the National Academy of Sciences},
	Volume={97(4)},
	Pages={1665-1670},
	Year={2000}
}

@article{MMAIAJI2011,
	Author={Mousa, H., Moustafa, K., Abdel-Wahed, W., & Hadhoud, M. M.},
	Title={Data hiding based on contrast mapping using DNA medium},
	Journal={International Arab Journal of Information Technolology},
	Volume={8(2)},
	Pages={147-154},
	Year={2011}
}

@article{PALKOPOULOU2015,
title={Complete genomes reveal signatures of demographic and genetic declines in the woolly mammoth},
author={Palkopoulou, Eleftheria and Mallick, Swapan and Skoglund, Pontus and Enk, Jacob and Rohland, Nadin and Li, Heng and Omrak, Ay{\c{c}}a and Vartanyan, Sergey and Poinar, Hendrik and G{\"o}therstr{\"o}m, Anders and others},
journal={Current Biology},
volume={25},
number={10},
pages={1395--1400},
year={2015},
publisher={Elsevier}
}

@article{CHURCH2012,
title={Next-generation digital information storage in DNA},
author={Church, George M and Gao, Yuan and Kosuri, Sriram},
journal={Science},
volume={337},
number={6102},
pages={1628--1628},
year={2012},
publisher={American Association for the Advancement of Science}
}

@article{GOLDMAN2013,
title={Towards practical, high-capacity, low-maintenance information storage in synthesized DNA},
author={Goldman, Nick and Bertone, Paul and Chen, Siyuan and Dessimoz, Christophe and LeProust, Emily M and Sipos, Botond and Birney, Ewan},
journal={Nature},
volume={494},
number={7435},
pages={77--80},
year={2013},
publisher={Nature Publishing Group}
}

@article{BLAWAT2016,
title={Forward Error Correction for DNA Data Storage},
author={Blawat, Meinolf and Gaedke, Klaus and Huetter, Ingo and Chen, Xiao-Ming and Turczyk, Brian and Inverso, Samuel and Pruitt, Benjamin and Church, George},
journal={Procedia Computer Science},
volume={80},
pages={1011--1022},
year={2016},
publisher={Elsevier}
}

@article{GRASS2015,
title={Robust Chemical Preservation of Digital Information on DNA in Silica with Error-Correcting Codes},
author={Grass, Robert N and Heckel, Reinhard and Puddu, Michela and Paunescu, Daniela and Stark, Wendelin J},
journal={Angewandte Chemie International Edition},
volume={54},
number={8},
pages={2552--2555},
year={2015},
publisher={Wiley Online Library}
}

@article{YAZDI2015,
title={A rewritable, random-access DNA-based storage system},
author={Yazdi, SM Hossein Tabatabaei and Yuan, Yongbo and Ma, Jian and Zhao, Huimin and Milenkovic, Olgica},
journal={Scientific reports},
volume={5},
year={2015},
publisher={Nature Publishing Group}
}

@article{EPWISG2012PO,
title={Embedding permanent watermarks in synthetic genes},
author={Liss, M and Daubert, D and Brunner, K and Kliche, K and Hammes, U and Leiherer, A and Wagner, R},
journal={Plos one},
volume={7:8},
year={2012}
}

@article{REED1960,
title={Polynomial codes over certain finite fields},
author={Reed, Irving S and Solomon, Gustave},
journal={Journal of the society for industrial and applied mathematics},
volume={8},
number={2},
pages={300--304},
year={1960},
publisher={SIAM}
}

@inproceedings{BORNHOLT2016,
title={A DNA-based archival storage system},
author={Bornholt, James and Lopez, Randolph and Carmean, Douglas M and Ceze, Luis and Seelig, Georg and Strauss, Karin},
booktitle={Proceedings of the Twenty-First International Conference on Architectural Support for Programming Languages and Operating Systems},
pages={637--649},
year={2016},
organization={ACM}
}

@article{BOSE1960,
title={On a class of error correcting binary group codes},
author={R.C. Bose, D.K. Ray-Chaudhuri},
journal={Information and Control},
volume={3},
number={1},
pages={68--79},
year={1960},
publisher={Elsevier}
}

@book{LIN2004,
title={Error control coding},
author={Lin, Shu and Costello, Daniel J},
year={2004},
publisher={Pearson Education India}
}

@inproceedings{POTDAR2005,
title={Fingerprinted secret sharing steganography for robustness against image cropping attacks},
author={Potdar, Vidyasagar M and Han, Song and Chang, Elizabeth},
booktitle={INDIN'05. 2005 3rd IEEE International Conference on Industrial Informatics, 2005.},
pages={717--724},
year={2005},
organization={IEEE}
}

@article{JUNG2009,
title={Data hiding method using image interpolation},
author={Jung, Ki-Hyun and Yoo, Kee-Young},
journal={Computer Standards \& Interfaces},
volume={31},
number={2},
pages={465--470},
year={2009},
publisher={Elsevier}
}

@inproceedings{LI2009,
title={Lossless data hiding scheme based on adjacent pixel difference},
author={Li, Zhuo and Chen, Xiaoping and Pan, Xuezeng and Zeng, Xianting},
booktitle={Computer Engineering and Technology, 2009. ICCET'09. International Conference on},
volume={1},
pages={588--592},
year={2009},
organization={IEEE}
}

@inproceedings{FARD2006,
title={A new genetic algorithm approach for secure JPEG steganography},
author={Fard, Amin Milani and Akbarzadeh-T, M-R and Varasteh-A, Farshad and Varasteh-A, F},
booktitle={2006 IEEE International Conference on Engineering of Intelligent Systems},
pages={1--6},
year={2006},
organization={IEEE}
}

@inproceedings{MCKEON2007,
title={Strange Fourier steganography in movies},
author={McKeon, Robert T},
booktitle={2007 IEEE International Conference on Electro/Information Technology},
pages={178--182},
year={2007},
organization={IEEE}
}

@inproceedings{MANIKOPOLOUS2002,
title={Detection of block DCT-based steganography in gray-scale images},
author={Manikopoulos, Constantine and Shi, Yun-Qing and Song, Sui and Zhang, Zheng and Ni, Zhicheng and Zou, Dekun},
booktitle={Multimedia Signal Processing, 2002 IEEE Workshop on},
pages={355--358},
year={2002},
organization={IEEE}
}

@article{CHEN2007,
title={Color image steganography scheme using set partitioning in hierarchical trees coding, digital Fourier transform and adaptive phase modulation},
author={Chen, Wen-Yuan},
journal={Applied Mathematics and Computation},
volume={185},
number={1},
pages={432--448},
year={2007},
publisher={Elsevier}
}

@inproceedings{POTDAR2005S,
title={A survey of digital image watermarking techniques},
author={Potdar, Vidyasagar M and Han, Song and Chang, Elizabeth},
booktitle={INDIN'05. 2005 3rd IEEE International Conference on Industrial Informatics, 2005.},
pages={709--716},
year={2005},
organization={IEEE}
}

@inproceedings{VERMA2005,
title={Watermarking image databases: a review},
author={Verma, Bhupendra and Jain, Sanjeev and Agarwal, DP},
booktitle={Proceedings of the International Conference on Cognition and Recognition, Mandya, Karnataka, India},
pages={171--179},
year={2005}
}

@inproceedings{ABDULAZIZ2000
title={Robust data hiding for images},
author={Abdulaziz, NK and Pang, KK},
booktitle={Communication Technology Proceedings, 2000. WCC-ICCT 2000. International Conference on},
volume={1},
pages={380--383},
year={2000},
organization={IEEE}
}

@misc{PAULSON2006,
title={New system fights steganography},
author={Dailey Paulson, Linda},
year={2006},
publisher={IEEE COMPUTER SOC 10662 LOS VAQUEROS CIRCLE, PO BOX 3014, LOS ALAMITOS, CA 90720-1314 USA}
}

@inproceedings{ABDELWAHAB2008,
title={A discrete wavelet transform based technique for image data hiding},
author={Abdelwahab, Ahmed A and Hassaan, Lobna A},
booktitle={Radio Science Conference, 2008. NRSC 2008. National},
pages={1--9},
year={2008},
organization={IEEE}
}

@inproceedings{SALLEE2003,
title={Model-based steganography},
author={Sallee, Phil},
booktitle={International workshop on digital watermarking},
pages={154--167},
year={2003},
organization={Springer}
}

@inproceedings{CHANG2004,
title={An adaptive steganography for index-based images using codeword grouping},
author={Chang, Chin-Chen and Tsai, Piyu and Lin, Min-Hui},
booktitle={Pacific-Rim Conference on Multimedia},
pages={731--738},
year={2004},
organization={Springer}
}

@inproceedings{HIROHISA2002,
title={A data embedding method using BPCS principle with new complexity measures},
author={Hirohisa, Hioki},
booktitle={Proc. of Pacific Rim Workshop on Digital Steganography},
pages={30--47},
year={2002}
}

@article{WU2006GEN,
title={Genetic algorithm based methodology for breaking the steganalytic systems},
author={Wu, Yi-Ta and Shih, Frank Y},
journal={IEEE Transactions on Systems, Man, and Cybernetics, Part B (Cybernetics)},
volume={36},
number={1},
pages={24--31},
year={2006},
publisher={IEEE}
}
