%% This BibTeX bibliography file was created using BibDesk.
%% http://bibdesk.sourceforge.net/


%% Created for Jeremy Clark at 2014-09-30 16:42:20 -0400


%% Saved with string encoding Unicode (UTF-8)


@article{CRB1999N,
	Author = {Clelland, Catherine and Risca, Viviana and Bancroft, Carter},
	Journal = {Nature},
	Title = {Hiding messages in {DNA} microdots},
	Volume = {399},
    Pages = {533-534},
	Year = {1999}
}

@article{SFHC2003BL,
	Author = {Smith, GC and Fiddles, CC and Hawkins, JP and Cox, JPL},
	Journal = {Biotechnology Letters},
	Title = {Some possible codes for encrypting data in {DNA},
	Volume = {25},
    Pages = {1125-1130},
	Year = {2003}
}

@article{WC1953N,
	Author = {Watson, JD and Crick, FH},
	Journal = {Nature},
	Title = {Molecular structure of nucleic acids: a structure for deoxyribose nucleic acid},
	Volume = {171 (4356)},
    Pages = {737-738},
	Year = {1953}
}

@article{AY2004BP,
	Author = {Arita, M and Yoshiaki, O},
	Journal = {Biotechnology Progress},
	Title = {Secret Signatures Inside Genomic DNA},
	Volume = {20},
    Pages = {1605-1607},
	Year = {2004}
}

@article{HB2007BMCB,
	Author = {Heider, D and Barnekow, A},
	Journal = {BMC Bioinformatics},
	Title = {DNA-based watermarks using the {DNA-Crypt} algorithm},
	Volume = {8:176},
    Pages = {},
	Year = {2007}
}

@article{HKB2008B,
	Author = {Heider, D and Kessler, D and Barnekow, A},
	Journal = {Bioinformatics},
	Title = {Watermarking sexually reproducing diploid organisms},
	Volume = {24:17},
    Pages = {1961-1962},
	Year = {2008}
}

@article{HB2013BMCB,
	Author = {Haughton, D and Balado, F},
	Journal = {BMC Bioinformatics},
	Title = {BioCode: Two biologically compatible algorithms for embedding data in non-coding and coding regions of {DNA}},
	Volume = {14:121},
    Pages = {},
	Year = {2013}
}

@article{CLY2015SAPW,
	Author = {Chun, JY and Lee, HL and Yoon, JW},
	Journal = {IEEE CS Security and Privacy Workshop},
	Title = {Passing go with {DNA} sequencing: Delivering messages in a covert transgenic channel},
	Volume = {14:121},
    Pages = {},
	Year = {2013}
}

@article{B2016JOB,
	Author = {Brunet, TDP},
	Journal = {Journal of Biotechnology},
	Title = {Aims and methods of biosteganography},
	Volume = {226},
    Pages = {56-64},
	Year = {2016}
}

@article{EPC2012N,
	Author = {ENCODE Project Consortium and others},
	Journal = {Nature},
	Title = {An integrated encyclopedia of DNA elements in the human genome},
	Volume = {489(7414)},
    Pages = {57-74},
	Year = {2012}
}

@article{T2008TOIAS,
	Author = {Tanaka, Hidema},
	Journal = {IEICE Transactions on Information and Systems},
	Title = {Evaluation of Information Leakage via Electromagnetic Emanation and Effectiveness of Tempest},
	Volume = {91(5)},
    Pages = {1439-1446},
	Year = {2008}
}

@article{B1997S,
	Author = {Blattner, FR et al},
	Journal = {Science},
	Title = {The complete genome sequence of Escherichia coli K-12},
	Volume = {277:5331},
    Pages = {1453-1462},
	Year = {1997}
}

@article{VCE2001TEJ,
	Author = {Viguera, Enrique and Conceill, D and Ehrlich, SD},
	Journal = {The Embo Journal},
	Title = {Replication slippage involves DNA polymerase pausing and dissociation},
	Volume = {20(10)},
    Pages = {2587-2595},
	Year = {2001}
}

@article{H1952POTIRE,
	Author = {Huffman, D},
	Journal = {Proceedings of the IRE},
	Title = {A Method for the Construction of Minimum-Redundancy Codes},
	Volume = {40(9)},
    Pages = {1098-1101},
	Year = {1952}
}

@article{A2001IEEEIC,
	Author = {Artz, D},
	Journal = {IEEE Internet Computing},
	Title = {Digital steganography: hiding data within data},
	Volume = {5(3)},
    Pages = {75-80},
	Year = {2001}
}

@inproceedings{CLY2015SAPW,
	Author = {Chun, JY and Lee, HL and Yoon, JW},
	Booktitle = {Security and Privacy Workshops},
	Title = {Passing fo with {DNA} sequencing: Delivering messages in a covert transgenic channel},
	Year = {2015}
}

@book{WBBGLL2008,
	Author = {Watson, JD and Baker, TA and Bell, SP and Gann, A and Levine, M and Losich, R},
	Publisher = {Pearson},
	Title = {Molecular Biology of the Gene, 6th Edition},
	Year = {2008}
}
